@article{bicgstabVorst,
author = {van der Vorst, H. A.},
title = {Bi-CGSTAB: A Fast and Smoothly Converging Variant of Bi-CG for the Solution of Nonsymmetric Linear Systems},
journal = {SIAM Journal on Scientific and Statistical Computing},
volume = {13},
number = {2},
pages = {631-644},
year = {1992},
doi = {10.1137/0913035},
}
@article{sleijpen1993bicgstab,
  title={BiCGstab(L) for linear equations involving unsymmetric matrices with complex spectrum},
  author={Sleijpen, Gerard LG and Fokkema, Diederik R},
  journal={Electronic Transactions on Numerical Analysis.},
  volume={1},
  pages={11--32},
  year={1993},
  publisher={Kent State University}
}
@article{schwarz,
  author={S. {Abhyankar} and E. M. {Constantinescu} and B. F. {Smith} and A. J. {Flueck} and D. A. {Maldonado}},
  journal={IEEE Transactions on Smart Grid},
  title={Parallel Dynamics Simulation Using a Krylov-Schwarz Linear Solution Scheme},
  year={2017},
  volume={8},
  number={3},
  pages={1378-1386},
  doi={10.1109/tsg.2016.2610863}
  }

@article{RevelsLubinPapamarkou2016,
    title = {Forward-Mode Automatic Differentiation in {J}ulia},
   author = {{Revels}, J. and {Lubin}, M. and {Papamarkou}, T.},
  journal = {arXiv:1607.07892 [cs.MS]},
     year = {2016},
     url = {https://arxiv.org/abs/1607.07892}
}
@article{besard2018juliagpu,
  author        = {Besard, Tim and Foket, Christophe and De Sutter, Bjorn},
  title         = {Effective Extensible Programming: Unleashing {Julia} on {GPUs}},
  journal       = {IEEE Transactions on Parallel and Distributed Systems},
  year          = {2018},
  doi           = {10.1109/TPDS.2018.2872064},
  ISSN          = {1045-9219},
  archivePrefix = {arXiv},
  eprint        = {1712.03112},
  primaryClass  = {cs.PL},
}

% specific paper on array programming for heterogeneous systems (incl. CuArrays.jl)
@article{besard2019prototyping,
  title         = {Rapid software prototyping for heterogeneous and distributed platforms},
  author        = {Besard, Tim and Churavy, Valentin and Edelman, Alan and De Sutter, Bjorn},
  journal       = {Advances in Engineering Software},
  volume        = {132},
  pages         = {29--46},
  year          = {2019},
  publisher     = {Elsevier},
  doi           = {10.1016/j.advengsoft.2019.02.002}
}

@article{simdicpp,
  title         = {Vector Forward Mode Automatic Differentiation on SIMD/SIMT architectures },
  author        = {Jan Hückelheim and Michel Schanen and Sri Hari Krishna Narayanan and Paul Hovland},
  journal       = {International Conference on Parallel Processing},
  volume        = {49},
  year          = {2020},
  doi           = {10.1145/3404397.3404470}
}
@article{pips,
author = {Petra, Cosmin G. and Schenk, Olaf and Lubin, Miles and Gäertner, Klaus},
title = {An Augmented Incomplete Factorization Approach for Computing the Schur Complement in Stochastic Optimization},
journal = {SIAM Journal on Scientific Computing},
volume = {36},
number = {2},
pages = {C139-C162},
year = {2014},
doi = {10.1137/130908737},
}

@article{wachter2004implementation,
  title={On the implementation of an interior-point filter line-search algorithm for large-scale nonlinear programming},
  author={W{\"a}chter, Andreas and Biegler, Lorenz T},
  journal={Mathematical programming},
  volume={106},
  number={1},
  pages={25--57},
  year={2006},
  publisher={Springer},
  doi={10.1007/s10107-004-0559-y}
}

@ARTICLE{matpower,
  author={H. {Wang} and C. E. {Murillo-Sanchez} and R. D. {Zimmerman} and R. J. {Thomas}},
  journal={IEEE Transactions on Power Systems},
  title={On Computational Issues of Market-Based Optimal Power Flow},
  year={2007},
  volume={22},
  number={3},
  pages={1185-1193},
  doi={10.1109/tpwrs.2007.901301}
}
@book{griewank2008evaluating,
  title={Evaluating derivatives: principles and techniques of algorithmic differentiation},
  author={Griewank, Andreas and Walther, Andrea},
  year={2008},
  publisher={SIAM}
}

@misc{sparsedifftools,
  author = {C. Rackauckas},
  title = {SparseDiffTools: Fast jacobian computation through sparsity exploitation and matrix coloring},
  year = {2020},
  publisher = {GitHub},
  journal = {GitHub repository},
}
